<collection xmlns="http://www.loc.gov/MARC21/slim">
<record>
  <leader>01317nam0a22002411i 450 </leader>
  <controlfield tag="001">IT\ICCU\CNCE\068932</controlfield>
  <controlfield tag="005">20080117000000.0</controlfield>
  <datafield tag="100" ind1=" " ind2=" ">
    <subfield code="a">20061128f1509        0itac0103    ba</subfield>
  </datafield>
  <datafield tag="101" ind1=" " ind2=" ">
    <subfield code="a">ITA</subfield>
  </datafield>
  <datafield tag="102" ind1=" " ind2=" ">
    <subfield code="a">IT</subfield>
  </datafield>
  <datafield tag="200" ind1="1" ind2=" ">
    <subfield code="a">Questa sie una opera noua spirituale, nela quale ne cauariti buono fructo, sequitando hi \!! vestigi de essa, &amp; he diuisain sette capituli, ne li quali tracta dela salute dele anime nostre, &amp; per scanzare le pene infernale, &amp; lauarse ne la fonte de la beatitudine</subfield>
  </datafield>
  <datafield tag="210" ind1=" " ind2=" ">
    <subfield code="d">\1509?!</subfield>
    <subfield code="e">Impresso in Milano</subfield>
    <subfield code="g">per Io. Ang. dela Rogora die XX Septembris</subfield>
  </datafield>
  <datafield tag="215" ind1=" " ind2=" ">
    <subfield code="a">\16! c.</subfield>
    <subfield code="d">4ʻ</subfield>
  </datafield>
  <datafield tag="300" ind1=" " ind2=" ">
    <subfield code="a">Il nome dell&apos;autore e la data si ricavano dal colophon</subfield>
  </datafield>
  <datafield tag="620" ind1=" " ind2=" ">
    <subfield code="a">IT</subfield>
    <subfield code="d">Milano</subfield>
  </datafield>
  <datafield tag="700" ind1=" " ind2="1">
    <subfield code="a">Pessina,</subfield>
    <subfield code="b">Gasparre de</subfield>
    <subfield code="3">IT\ICCU\CNCA\027464</subfield>
  </datafield>
  <datafield tag="712" ind1="0" ind2="0">
    <subfield code="a">Della_Rovere, Giovanni Angelo</subfield>
    <subfield code="3">IT\ICCU\CNCT\001516</subfield>
    <subfield code="4">650</subfield>
  </datafield>
  <datafield tag="791" ind1="0" ind2="0">
    <subfield code="a">Rogora, Giovanni Angelo della</subfield>
    <subfield code="3">IT\ICCU\CNCT\002738</subfield>
    <subfield code="z">Della_Rovere, Giovanni Angelo</subfield>
  </datafield>
  <datafield tag="791" ind1="0" ind2="0">
    <subfield code="a">Rovera, Giovanni Angelo della</subfield>
    <subfield code="3">IT\ICCU\CNCT\003752</subfield>
    <subfield code="z">Della_Rovere, Giovanni Angelo</subfield>
  </datafield>
  <datafield tag="791" ind1="0" ind2="0">
    <subfield code="a">Rupore, Ioannes Angelus de</subfield>
    <subfield code="3">IT\ICCU\CNCT\003753</subfield>
    <subfield code="z">Della_Rovere, Giovanni Angelo</subfield>
  </datafield>
  <datafield tag="791" ind1="0" ind2="0">
    <subfield code="a">Rovere, Giovanni Angelo della</subfield>
    <subfield code="3">IT\ICCU\CNCT\004586</subfield>
    <subfield code="z">Della_Rovere, Giovanni Angelo</subfield>
  </datafield>
  <datafield tag="791" ind1="0" ind2="0">
    <subfield code="a">Rog., Io. Ang. de la</subfield>
    <subfield code="3">IT\ICCU\CNCT\004588</subfield>
    <subfield code="z">Della_Rovere, Giovanni Angelo</subfield>
  </datafield>
  <datafield tag="801" ind1=" " ind2="3">
    <subfield code="a">IT</subfield>
    <subfield code="b">ICCU</subfield>
    <subfield code="c">20201115</subfield>
  </datafield>
</record>
</collection>
